@techreport{nist,
title = "Advanced Encryption Standard (AES)",
institution = "National Institute of Standards and Technology (NIST)",
series = "Federal Information Processing Standards",
volume = "197",
month = nov,
year = 2001
}

@techreport{intel,
title = "Intel Advanced Encryption Standard (AES) New Instructions Set",
author = "Shay Gueron",
institution = "Intel",
edition = "3.0",
month = may,
year = 2010
}

@misc{galois,
title = "The Laws of Cryptography: The Finite Field GF(2^8)",
author = "Neal R. Wagner",
year = 2001,
institution = University of Texas at San Antonio,
howpublished = {\url{http://www.cs.utsa.edu/~wagner/laws/FFM.html}},
note = "Accessed: November 2020",
}
